<record><leader>00000cas a2200000 a 4500</leader><controlfield tag="001">45443464</controlfield><controlfield tag="008">001129d19641989caudr ne      0    0eng c</controlfield><datafield ind1=" " ind2=" " tag="010"><subfield code="a">sn 00060545 </subfield></datafield><datafield ind1=" " ind2=" " tag="040"><subfield code="a">CNK</subfield><subfield code="b">eng</subfield><subfield code="c">CNK</subfield><subfield code="d">CNK</subfield><subfield code="d">OCLCQ</subfield><subfield code="d">OCLCF</subfield><subfield code="d">OCLCO</subfield><subfield code="d">OCLCA</subfield></datafield><datafield ind1="1" ind2=" " tag="029"><subfield code="a">AU@</subfield><subfield code="b">000022106383</subfield></datafield><datafield ind1=" " ind2=" " tag="042"><subfield code="a">pcc</subfield></datafield><datafield ind1=" " ind2=" " tag="043"><subfield code="a">n-us-ca</subfield></datafield><datafield ind1="0" ind2="0" tag="245"><subfield code="a">Blade-tribune.</subfield></datafield><datafield ind1="1" ind2=" " tag="246"><subfield code="i">Published as:</subfield><subfield code="a">North County blade-tribune</subfield><subfield code="f">Jan. 31, 1986-June 29, 1989</subfield></datafield><datafield ind1="1" ind2="7" tag="246"><subfield code="a">Daily blade tribune</subfield><subfield code="f">Aug. 10-23, 1964</subfield></datafield><datafield ind1=" " ind2=" " tag="260"><subfield code="a">Oceanside, Calif. :</subfield><subfield code="b">Blade-Tribune Pub. Co.</subfield></datafield><datafield ind1=" " ind2=" " tag="300"><subfield code="a">v.</subfield></datafield><datafield ind1=" " ind2=" " tag="310"><subfield code="a">Daily</subfield></datafield><datafield ind1="0" ind2=" " tag="362"><subfield code="a">37th year, no. 190 (Aug. 10, 1964)-59th year, no. 175 (June 29, 1989).</subfield></datafield><datafield ind1=" " ind2=" " tag="500"><subfield code="a">"The North County" appears in very small print above "Blade-Tribune," Jan. 31, 1986-June 29, 1989.</subfield></datafield><datafield ind1=" " ind2=" " tag="500"><subfield code="a">"Serving North San Diego County."</subfield></datafield><datafield ind1=" " ind2=" " tag="500"><subfield code="a">Per editorial in June 1989, the Blade-Citizen is formed by the union of the Blade-Tribune, the two Citizens [Solana Beach and Del Mar, Calif.] and the La Costan.</subfield></datafield><datafield ind1=" " ind2=" " tag="515"><subfield code="a">Issues for Jan. 14-29, 1968 lack vol. designation.</subfield></datafield><datafield ind1=" " ind2=" " tag="530"><subfield code="a">Master negatives are available for duplication from:</subfield><subfield code="b">California Newspaper Microfilm Archive;</subfield><subfield code="c">positive copies may be purchased by the reel; for further information consult the CNMA at:</subfield><subfield code="u">http://cbsr.ucr.edu</subfield></datafield><datafield ind1=" " ind2=" " tag="580"><subfield code="a">Published also Carlsbad edition.</subfield></datafield><datafield ind1=" " ind2=" " tag="580"><subfield code="a">Merged with: Citizen (Solana Beach, Calif.), and: Costan, and: Del Mar citizen, to form: North County blade-citizen.</subfield></datafield><datafield ind1=" " ind2="0" tag="651"><subfield code="a">Oceanside (Calif.)</subfield><subfield code="v">Newspapers.</subfield></datafield><datafield ind1=" " ind2="0" tag="651"><subfield code="a">Carlsbad (Calif.)</subfield><subfield code="v">Newspapers.</subfield></datafield><datafield ind1=" " ind2="0" tag="651"><subfield code="a">Camp Pendleton (Calif.)</subfield><subfield code="v">Newspapers.</subfield></datafield><datafield ind1=" " ind2="0" tag="651"><subfield code="a">Vista (Calif.)</subfield><subfield code="v">Newspapers.</subfield></datafield><datafield ind1=" " ind2="7" tag="655"><subfield code="a">Newspapers.</subfield><subfield code="2">fast</subfield><subfield code="0">(OCoLC)fst01423814</subfield></datafield><datafield ind1=" " ind2="7" tag="651"><subfield code="a">California</subfield><subfield code="z">Camp Pendleton.</subfield><subfield code="2">fast</subfield><subfield code="0">(OCoLC)fst01220268</subfield></datafield><datafield ind1=" " ind2="7" tag="651"><subfield code="a">California</subfield><subfield code="z">Carlsbad.</subfield><subfield code="2">fast</subfield><subfield code="0">(OCoLC)fst01208495</subfield></datafield><datafield ind1=" " ind2="7" tag="651"><subfield code="a">California</subfield><subfield code="z">Oceanside.</subfield><subfield code="2">fast</subfield><subfield code="0">(OCoLC)fst01219037</subfield></datafield><datafield ind1=" " ind2="7" tag="651"><subfield code="a">California</subfield><subfield code="z">Vista.</subfield><subfield code="2">fast</subfield><subfield code="0">(OCoLC)fst01228759</subfield></datafield><datafield ind1=" " ind2=" " tag="752"><subfield code="a">United States</subfield><subfield code="b">California</subfield><subfield code="c">San Diego</subfield><subfield code="d">Oceanside.</subfield></datafield><datafield ind1="0" ind2="0" tag="780"><subfield code="t">Daily blade-tribune</subfield><subfield code="w">(DLC)sn 00060544</subfield></datafield><datafield ind1="1" ind2="7" tag="785"><subfield code="t">Citizen (Solana Beach, Calif.)</subfield><subfield code="w">(DLC)sn 83007900</subfield></datafield><datafield ind1="1" ind2="7" tag="785"><subfield code="t">Costan</subfield><subfield code="w">(DLC)sn 82004724</subfield></datafield><datafield ind1="1" ind2="7" tag="785"><subfield code="t">Del Mar citizen</subfield><subfield code="w">(DLC)sn 85009814</subfield></datafield><datafield ind1="1" ind2="7" tag="785"><subfield code="t">North County blade-citizen</subfield><subfield code="w">(DLC)sn 91004603</subfield></datafield></record>